@article{cai2018decentralized,
  title={Decentralized applications: The blockchain-empowered software system},
  author={Cai, Wei and Wang, Zehua and Ernst, Jason B and Hong, Zhen and Feng, Chen and Leung, Victor CM},
  journal={IEEE Access},
  volume={6},
  pages={53019--53033},
  year={2018},
  publisher={IEEE}
}

@article{Matzutt2020HowTS,
  title={How to Securely Prune Bitcoin's Blockchain},
  author={Roman Matzutt and Benedikt Kalde and Jan Pennekamp and Arthur Drichel and Martin Henze and Klaus Wehrle},
  journal={ArXiv},
  year={2020},
  volume={abs/2004.06911}
}

@misc{nakamoto2008bitcoin,
  added-at = {2014-04-17T08:33:06.000+0200},
  author = {Nakamoto, Satoshi},
  biburl = {https://www.bibsonomy.org/bibtex/23db66df0fc9fa2b5033f096a901f1c36/ngnn},
  interhash = {423c2cdff70ba0cd0bca55ebb164d770},
  intrahash = {3db66df0fc9fa2b5033f096a901f1c36},
  keywords = {imported},
  timestamp = {2014-04-17T08:33:06.000+0200},
  title = {Bitcoin: A peer-to-peer electronic cash system},
  url = {http://www.bitcoin.org/bitcoin.pdf},
  year = 2008
}

@article{popov2016tangle,
  title={The tangle},
  author={Popov, Serguei},
  journal={cit. on},
  pages={131},
  year={2016}
}

@article{siyal2019applications,
  title={Applications of blockchain technology in medicine and healthcare: Challenges and future perspectives},
  author={Siyal, Asad Ali and Junejo, Aisha Zahid and Zawish, Muhammad and Ahmed, Kainat and Khalil, Aiman and Soursou, Georgia},
  journal={Cryptography},
  volume={3},
  number={1},
  pages={3},
  year={2019},
  publisher={Multidisciplinary Digital Publishing Institute}
}
